@article{arXiv:2206.02151v2,
    author = "Juntong Chen, Sophie Langer, Johannes Schmidt-Hieber",
    title = "A novel statistical approach to analyze image classification",
    journal = "",
    year = "2024",
    howpublished = "https://doi.org/10.48550/arXiv.2206.02151"
}

@article{MR3522658,
    author = "Yannick Baraud",
    title = "Bounding the expectation of the supremum of an empirical process over a (weak) VC-major class",
    journal = "Electronic Journal of Statistics, Electron. J. Statist",
    year = "2016",
    howpublished = "https://mathscinet.ams.org/mathscinet/article?mr=MR3522658"
}

@misc{Image-deformation-model,
  author = {Sophie Langer},
  title = {Image deformation model},
  year = {2024},
  publisher = {GitHub},
  journal = {GitHub repository},
  howpublished = {\url{https://github.com/Sophie-Langer/Image-deformation-model/blob/main/simulation_study_MNIST.py}},
  commit = {d3bca562ca1df06f0374f118082476450fb74b58}
}